<?xml version="1.0" encoding="utf-8"?>
<record xmlns="http://www.loc.gov/MARC21/slim" xmlns:xsi="http://www.w3.org/2001/XMLSchema-instance" xsi:schemaLocation="http://www.loc.gov/MARC21/slim http://www.loc.gov/standards/marcxml/schema/MARC21slim.xsd">
	<leader>     nam a22        4500</leader>
	<controlfield tag="001">4189818</controlfield>
	<controlfield tag="003">NNC</controlfield>
	<controlfield tag="006">m        d        </controlfield>
	<controlfield tag="007">cr cn |||m|||a</controlfield>
	<controlfield tag="008">171105m19541959ua      ob    000 0 arard</controlfield>
	<datafield ind1=" " ind2=" " tag="040">
		<subfield code="a">NNU</subfield>
		<subfield code="b">eng</subfield>
		<subfield code="c">NNU</subfield>
	</datafield>
	<datafield ind1=" " ind2=" " tag="066">
		<subfield code="c">(3</subfield>
	</datafield>
	<datafield ind1=" " ind2="4" tag="050">
		<subfield code="a">BP144</subfield>
		<subfield code="b">.S226</subfield>
	</datafield>
	<datafield ind1="1" ind2=" " tag="100">
		<subfield code="6">880-01</subfield>
		<subfield code="a">Sanhūrī, ʻAbd al-Razzāq Aḥmad,</subfield>
		<subfield code="d">1895-1971.</subfield>
	</datafield>
	<datafield ind1="1" ind2="0" tag="245">
		<subfield code="6">880-02</subfield>
		<subfield code="a">Maṣādir al-ḥaqq fī al-fiqh al-Islāmī</subfield>
		<subfield code="h">[electronic resource] :</subfield>
		<subfield code="b">dirāsah muqāranah bi-al-fiqh al-Gharbī /</subfield>
		<subfield code="c">alqāhā ʻAbd al-Razzāq al-Sanhūrī.</subfield>
	</datafield>
	<datafield ind1=" " ind2=" " tag="260">
		<subfield code="6">880-03</subfield>
		<subfield code="a">[Cairo] :</subfield>
		<subfield code="b">Jāmiʻat al-Duwal al-ʻArabīyah, Maʻhad al-Dirāsāt al-ʻArabīyah al-ʻĀliyah,</subfield>
		<subfield code="c">1954-59.</subfield>
	</datafield>
	<datafield ind1=" " ind2=" " tag="300">
		<subfield code="a">online resource (6 v.)</subfield>
	</datafield>
	<datafield ind1="1" ind2=" " tag="490">
		<subfield code="6">880-04</subfield>
		<subfield code="a">Nashrāt</subfield>
	</datafield>
	<datafield ind1=" " ind2=" " tag="500">
		<subfield code="a">Part of the Arabic Collections Online (ACO) project, contributed by Columbia University Libraries.</subfield>
	</datafield>
	<datafield ind1=" " ind2=" " tag="504">
		<subfield code="a">Includes bibliographical references.</subfield>
	</datafield>
	<datafield ind1="0" ind2=" " tag="505">
		<subfield code="6">880-05</subfield>
		<subfield code="a">1. Muqaddamah, ṣīghat al-ʻaqd -- 2. Tawāfuq al-irādatayn fī majlis al-ʻaqd. - Ṣiḥḥat al-tarāḍī (al-ghalaṭ, al-tadlīs, al-ikrāh) -- 3. Maḥall al-ʻaqd -- 4. Naẓarīyat al-sabab wa-naẓarīyat al-buṭlān -- 5. Athar al-ʻaqd bi-al-nisbah ilá al-ashkhāṣ -- 6. Athar al-ʻaqd bi-al-nisbah ilá al-mawḍūʻ, zawāl al-ʻaqd.</subfield>
	</datafield>
	<datafield ind1=" " ind2=" " tag="533">
		<subfield code="a">Electronic reproduction.</subfield>
		<subfield code="b">New York, N.Y. :</subfield>
		<subfield code="c">New York University,</subfield>
		<subfield code="d">2017.</subfield>
		<subfield code="5">NNU</subfield>
	</datafield>
	<datafield ind1=" " ind2="0" tag="650">
		<subfield code="a">Islamic law.</subfield>
	</datafield>
	<datafield ind1=" " ind2="7" tag="650">
		<subfield code="a">Islamic law.</subfield>
		<subfield code="2">fast</subfield>
		<subfield code="0">(OCoLC)fst00979949</subfield>
	</datafield>
	<datafield ind1="2" ind2=" " tag="710">
		<subfield code="a">Columbia University.</subfield>
		<subfield code="b">Libraries.</subfield>
	</datafield>
	<datafield ind1="0" ind2=" " tag="730">
		<subfield code="a">Arabic Collections Online.</subfield>
	</datafield>
	<datafield ind1="0" ind2="8" tag="776">
		<subfield code="i">Online version:</subfield>
		<subfield code="a">Sanhūrī, ʻAbd al-Razzāq Aḥmad, 1895-1971.</subfield>
		<subfield code="t">Maṣādir al-ḥaqq fī al-fiqh al-Islāmī</subfield>
		<subfield code="d">[Cairo] : Jāmiʻat al-Duwal al-ʻArabīyah, Maʻhad al-Dirāsāt al-ʻArabīyah al-ʻĀliyah, 1954-59</subfield>
		<subfield code="w">(OCoLC)560544440</subfield>
	</datafield>
	<datafield ind1="0" ind2="8" tag="776">
		<subfield code="i">Online version:</subfield>
		<subfield code="a">Sanhūrī, ʻAbd al-Razzāq Aḥmad, 1895-1971.</subfield>
		<subfield code="t">Maṣādir al-ḥaqq fī al-fiqh al-Islāmī</subfield>
		<subfield code="d">[Cairo] : Jāmiʻat al-Duwal al-ʻArabīyah, Maʻhad al-Dirāsāt al-ʻArabīyah al-ʻĀliyah, 1954-59</subfield>
		<subfield code="w">(OCoLC)604946565</subfield>
	</datafield>
	<datafield ind1="0" ind2="8" tag="776">
		<subfield code="i">Print version:</subfield>
		<subfield code="a">Sanhūrī, ʻAbd al-Razzāq Aḥmad, 1895-1971.</subfield>
		<subfield code="t">Maṣādir al-ḥaqq fī al-fiqh al-Islāmī</subfield>
		<subfield code="w">(NNC)4189818</subfield>
		<subfield code="w">(DLC)ne 65001478 </subfield>
		<subfield code="w">(OCoLC)43736104</subfield>
	</datafield>
	<datafield ind1=" " ind2="0" tag="830">
		<subfield code="6">880-06</subfield>
		<subfield code="a">Nashrāt (Maʻhad al-Dirāsāt al-ʻArabīyah al-ʻĀliyah)</subfield>
	</datafield>
	<datafield ind1="4" ind2="0" tag="856">
		<subfield code="u">http://hdl.handle.net/2333.1/bk3j9rpz</subfield>
	</datafield>
	<datafield ind1="1" ind2=" " tag="880">
		<subfield code="6">100-01/(3/r</subfield>
		<subfield code="a">سنهوري، عبد الرزاق احمد،</subfield>
		<subfield code="d">1895-1971.</subfield>
	</datafield>
	<datafield ind1="1" ind2="0" tag="880">
		<subfield code="6">245-02/(3/r</subfield>
		<subfield code="a">مصادر الحق في الفقه الاسلامي :</subfield>
		<subfield code="b">دراسة مقارنة بالفقه الغربي /</subfield>
		<subfield code="c">القاها عبد الرزاق السنهوري.</subfield>
	</datafield>
	<datafield ind1=" " ind2=" " tag="880">
		<subfield code="6">260-03/(3/r</subfield>
		<subfield code="a">[القاهرة] :</subfield>
		<subfield code="b">جامعة الدول العربية، معهد الدراسات العربية العالية،</subfield>
		<subfield code="c">1954-59.</subfield>
	</datafield>
	<datafield ind1="1" ind2=" " tag="880">
		<subfield code="6">490-04/(3/r</subfield>
		<subfield code="a">نشرات</subfield>
	</datafield>
	<datafield ind1="0" ind2=" " tag="880">
		<subfield code="6">505-05/(3/r</subfield>
		<subfield code="a">1. مقدمة، صيغة العقد -- 2. توافق الارادتين في مجل العقد.  صحة التراضي (لغلط، التدليس، الاكراه) -- 3. محل العقد -- 4. نظرية السبب ونظرية البطلان -- 5. اثر العقد بالنسبة الى الاشخاص -- 6. اثر العقد بالنسبة الى الموضوع، زوال العقد.</subfield>
	</datafield>
	<datafield ind1=" " ind2="0" tag="880">
		<subfield code="6">830-06/(3/r</subfield>
		<subfield code="a">نشرات (معهد الدراسات العربية العالية)</subfield>
	</datafield>
	<datafield ind1=" " ind2=" " tag="959">
		<subfield code="a">NNU</subfield>
		<subfield code="b">WEB</subfield>
		<subfield code="c">GENI</subfield>
		<subfield code="t">0</subfield>
		<subfield code="m">Electronic access</subfield>
		<subfield code="s">01</subfield>
	</datafield>
	<datafield ind1=" " ind2=" " tag="999">
		<subfield code="i">NNC_4189818</subfield>
		<subfield code="o">(OCoLC)ocm43736104</subfield>
		<subfield code="s">columbia_aco002597:pt.2</subfield>
	</datafield>
</record>
